@article {minhas2014,
	author = {Afsar Minhas, Fayyaz ul Amir and Geiss, Brian J. and Ben-Hur, Asa},
	title = {{PAIR}pred: Partner-specific prediction of interacting residues from sequence and structure},
	journal = {Proteins: Structure, Function, and Bioinformatics},
	volume = {82},
	number = {7},
	issn = {1097-0134},
	url = {http://dx.doi.org/10.1002/prot.24479},
	doi = {10.1002/prot.24479},
	pages = {1142--1155},
	keywords = {protein interface prediction, protein binding site prediction},
	year = {2014},
}

@article{esmaielbeiki2015,
	author = {Esmaielbeiki, R. and Krawczyk, K. and Knapp, B. and Nebel, J.-C. and Deane, C. M.},
	doi = {10.1093/bib/bbv027},
	issn = {1467-5463},
	journal = {Briefings in Bioinformatics},
	number = {January},
	pages = {1--15},
	title = {Progress and challenges in predicting protein interfaces},
	url = {http://bib.oxfordjournals.org/cgi/doi/10.1093/bib/bbv027},
	year = {2015},
}

@article{ezkurdia2009,
	author = {Iakes Ezkurdia, Lisa Bartoli, Piero Fariselli, Rita Casadio, Alfonso Valencia and Michael L. Tress},
	title = {Progress and challenges in predicting protein-protein interaction sites},
	journal = {Briefings in Bioinformatics},
	volume = {10},
	number = {3},
	pages = {233--246},
	year = {2009},
}

@article{tuncbag2011,
	author={Nurcan Tuncbag and Attila Gursoy and Ozlem Keskin},
	title={Prediction of protein-protein interactions: unifying evolution and structure at protein interfaces},
	journal={Physical Biology},
	volume={8},
	number={3},
	pages={035006},
	url={http://stacks.iop.org/1478-3975/8/i=3/a=035006},
	year={2011},
}

@article{ahmad2011,
	author = {Ahmad S, Mizuguchi K},
	title = {Partner-Aware Prediction of Interacting Residues in Protein-Protein Complexes from Sequence Data},
	journal = {PLoS ONE},
	volume = {6},
	number = {12},
	pages = {e29104},
	url = {https://doi.org/10.1371/journal.pone.0029104},
	year = {2011},
}

@article{chen2003,
	author = {Rong Chen, Li Li, Zhiping Weng},
	title = {ZDOCK: An initial-stage protein-docking algorithm},
	journal = {Proteins:Structure, Function, and Bioinformatics},
	volume = {51},
	number = {1},
	pages = {80--87},
	year = {2003},
}

@article{chen2002,
	title={Docking unbound proteins using shape complementarity, desolvation, and electrostatics},
	author={Chen, Rong and Weng, Zhiping},
	journal={Proteins: Structure, Function, and Bioinformatics},
	volume={47},
	number={3},
	pages={281--294},
	year={2002},
	publisher={Wiley Online Library}
}

@article{dominguez2003,
	author = {Cyril Dominguez, Rolf Boelens and Alexandre M.J.J. Bonvin.},
	title = {HADDOCK: a protein-protein docking approach based on biochemical and/or biophysical information.},
	journal = {J. Am. Chem. Soc.},
	volume = {125},
	pages = {1731--1737},
	year = {2003},
}

@article{zundert2016,
	author = {G.C.P van Zundert, J.P.G.L.M. Rodrigues, M. Trellet, C. Schmitz, P.L. Kastritis, E. Karaca, A.S.J. Melquiond, M. van Dijk, S.J. de Vries and A.M.J.J. Bonvin},
	title ={The HADDOCK2.2 webserver: User-friendly integrative modeling of biomolecular complexes.},
	journal={J. Mol. Biol.},
	volume={428},
	pages={720--725},
	year={2016},
}

@article{cybenko1989,
	author = {G. Cybenko},
	title = {Approximation by Superpositions of a Sigmoidal Function},
	journal = {Mathematics of Control, Signals, and Systems},
	volume = {2},
	pages = {303--314},
 	year = {1989},
}

@article{lecun2015,
	author = {Yann LeCun, Yoshua Bengio and Geoffrey Hinton},
	title = {Deep learning},
	journal = {Nature},
	volume = {521},
	pages = {436--444},
	year = {2015},
}

@article{bronstein2016,
	author    = {Michael M. Bronstein and
	Joan Bruna and
	Yann LeCun and
	Arthur Szlam and
	Pierre Vandergheynst},
	title     = {Geometric deep learning: going beyond Euclidean data},
	journal   = {CoRR},
	volume    = {abs/1611.08097},
	year      = {2016},
	url       = {http://arxiv.org/abs/1611.08097},
	timestamp = {Wed, 07 Jun 2017 14:41:47 +0200},
	biburl    = {http://dblp.uni-trier.de/rec/bib/journals/corr/BronsteinBLSV16},
	bibsource = {dblp computer science bibliography, http://dblp.org}
}

@article{henaff2015,
	author    = {Mikael Henaff and
	Joan Bruna and
	Yann LeCun},
	title     = {Deep Convolutional Networks on Graph-Structured Data},
	journal   = {CoRR},
	volume    = {abs/1506.05163},
	year      = {2015},
	url       = {http://arxiv.org/abs/1506.05163},
	timestamp = {Wed, 07 Jun 2017 14:42:26 +0200},
	biburl    = {http://dblp.uni-trier.de/rec/bib/journals/corr/HenaffBL15},
	bibsource = {dblp computer science bibliography, http://dblp.org}
}


@article{zeiler2013,
	author    = {Matthew D. Zeiler and
	Rob Fergus},
	title     = {Visualizing and Understanding Convolutional Networks},
	journal   = {CoRR},
	volume    = {abs/1311.2901},
	year      = {2013},
	url       = {http://arxiv.org/abs/1311.2901},
	timestamp = {Wed, 07 Jun 2017 14:40:45 +0200},
	biburl    = {http://dblp.uni-trier.de/rec/bib/journals/corr/ZeilerF13},
	bibsource = {dblp computer science bibliography, http://dblp.org}
}

@INPROCEEDINGS{glorot2010,
	author = {Xavier Glorot and Yoshua Bengio},
	title = {Understanding the difficulty of training deep feedforward neural networks},
	booktitle = {In Proceedings of the International Conference on Artificial Intelligence and Statistics (AISTATS'10). Society for Artificial Intelligence and Statistics},
	year = {2010},
}


@incollection{altman2003,
	author={Russ B. Altman and Jonathan M. Dugan},
	title={Defining Bioinformatics and Structural Bioinformatics},
	editor={Philip E. Bourne, Helge Weissig},
	booktitle={Structural Bioinformatics},
	publisher={Wiley-Liss, Inc., Hoboken, New Jersey},
	year={2003},
	pages={3--14},
	chapter={1},
}

@incollection{fauman2003,
	author={Eric B. Fauman, Andrew L. Hopkins, and Colin R. Groom},
	title={Structural Bioinformatics in Drug Discovery},
	editor={Philip E. Bourne, Helge Weissig},
	booktitle={Structural Bioinformatics},
	publisher={Wiley-Liss, Inc., Hoboken, New Jersey},
	year={2003},
	pages={477--497},
	chapter={23},
}

@incollection{scheeffink2003,
      author={Eric D. Scheef and J. Lynn Fink},
      title={Fundamentals of Protein Structure},
      editor={Philip E. Bourne, Helge Weissig},
      booktitle={Structural Bioinformatics},
      publisher={Wiley-Liss, Inc., Hoboken, New Jersey},
      year={2003},
      pages={15--39},
      chapter={2},
}

@incollection{ilarisavino2017,
	author={Andrea Ilari and Carmelinda Savino},
	title={A Practical Approach to Protein Crystallography},
	editor={Philip E. Bourne, Helge Weissig},
	booktitle={Bioinformatics, Volume I: Data, Sequence Analysis, and Evolution},
	publisher={Springer Science+Business Media, New York, New York},
	edition={2},
	year={2017},
	pages={47--78},
	chapter={3},
}

@article{niepert2016,
	author    = {Mathias Niepert and
	Mohamed Ahmed and
	Konstantin Kutzkov},
	title     = {Learning Convolutional Neural Networks for Graphs},
	journal   = {CoRR},
	volume    = {abs/1605.05273},
	year      = {2016},
	url       = {http://arxiv.org/abs/1605.05273},
	timestamp = {Wed, 07 Jun 2017 14:40:09 +0200},
	biburl    = {http://dblp.uni-trier.de/rec/bib/journals/corr/NiepertAK16},
	bibsource = {dblp computer science bibliography, http://dblp.org}
}

@article{bruna2013,
	author    = {Joan Bruna and
	Wojciech Zaremba and
	Arthur Szlam and
	Yann LeCun},
	title     = {Spectral Networks and Locally Connected Networks on Graphs},
	journal   = {CoRR},
	volume    = {abs/1312.6203},
	year      = {2013},
	url       = {http://arxiv.org/abs/1312.6203},
	timestamp = {Wed, 07 Jun 2017 14:42:35 +0200},
	biburl    = {http://dblp.uni-trier.de/rec/bib/journals/corr/BrunaZSL13},
	bibsource = {dblp computer science bibliography, http://dblp.org}
}

@article{kipf2016,
	author    = {Thomas N. Kipf and
	Max Welling},
	title     = {Semi-Supervised Classification with Graph Convolutional Networks},
	journal   = {CoRR},
	volume    = {abs/1609.02907},
	year      = {2016},
	url       = {http://arxiv.org/abs/1609.02907},
	timestamp = {Wed, 07 Jun 2017 14:41:59 +0200},
	biburl    = {http://dblp.uni-trier.de/rec/bib/journals/corr/KipfW16},
	bibsource = {dblp computer science bibliography, http://dblp.org}
}

@inproceedings{atwood2016diffusion,
	title={Diffusion-convolutional neural networks},
	author={Atwood, James and Towsley, Don},
	booktitle={Advances in Neural Information Processing Systems},
	pages={1993--2001},
	year={2016}
}

@article{duvenaud2015,
	author    = {David K. Duvenaud and
	Dougal Maclaurin and
	Jorge Aguilera{-}Iparraguirre and
	Rafael G{\'{o}}mez{-}Bombarelli and
	Timothy Hirzel and
	Al{\'{a}}n Aspuru{-}Guzik and
	Ryan P. Adams},
	title     = {Convolutional Networks on Graphs for Learning Molecular Fingerprints},
	journal   = {CoRR},
	volume    = {abs/1509.09292},
	year      = {2015},
	url       = {http://arxiv.org/abs/1509.09292},
	timestamp = {Wed, 07 Jun 2017 14:41:30 +0200},
	biburl    = {http://dblp.uni-trier.de/rec/bib/journals/corr/DuvenaudMAGHAA15},
	bibsource = {dblp computer science bibliography, http://dblp.org}
}

@article {pettersen2004,
	author = {Pettersen, Eric F. and Goddard, Thomas D. and Huang, Conrad C. and Couch, Gregory S. and Greenblatt, Daniel M. and Meng, Elaine C. and Ferrin, Thomas E.},
	title = {UCSF Chimera-A visualization system for exploratory research and analysis},
	journal = {Journal of Computational Chemistry},
	volume = {25},
	number = {13},
	publisher = {John Wiley & Sons, Inc.},
	issn = {1096-987X},
	url = {http://dx.doi.org/10.1002/jcc.20084},
	doi = {10.1002/jcc.20084},
	pages = {1605--1612},
	keywords = {molecular graphics, extensibility, visualization, multiscale modeling, sequence alignment},
	year = {2004},
}

@article{bijelic2017,
	author = {Bijelic, Aleksandar and Rompel, Annette},
	title = {Ten Good Reasons for the Use of the Tellurium-Centered Anderson-Evans Polyoxotungstate in Protein Crystallography},
	journal = {Accounts of Chemical Research},
	volume = {50},
	number = {6},
	pages = {1441-1448},
	year = {2017},
	doi = {10.1021/acs.accounts.7b00109},
	note ={PMID: 28562014},
	URL = {http://dx.doi.org/10.1021/acs.accounts.7b00109},
	eprint = {http://dx.doi.org/10.1021/acs.accounts.7b00109}
}

@book{mallat2009,
	author = {Mallat, St\'{e}phane},
	title = {A Wavelet Tour of Signal Processing, Third Edition: The Sparse Way},
	year = {2009},
	isbn = {0123743702, 9780123743701},
	edition = {3rd},
	publisher = {Academic Press},
} 

@article {wang2017,
	author = {Wang, Hong-Wei and Wang, Jia-Wei},
	title = {How cryo-electron microscopy and X-ray crystallography complement each other},
	journal = {Protein Science},
	volume = {26},
	number = {1},
	issn = {1469-896X},
	url = {http://dx.doi.org/10.1002/pro.3022},
	doi = {10.1002/pro.3022},
	pages = {32--39},
	keywords = {cryo-EM, X-ray crystallography, structural biology, structure determination methods, protein structure determination, X-ray and electron scattering},
	year = {2017},
}

@article{ahmad2011,
	author = {Ahmad, Shandar AND Mizuguchi, Kenji},
	journal = {PLOS ONE},
	publisher = {Public Library of Science},
	title = {Partner-Aware Prediction of Interacting Residues in Protein-Protein Complexes from Sequence Data},
	year = {2011},
	month = {12},
	volume = {6},
	url = {https://doi.org/10.1371/journal.pone.0029104},
	pages = {1-11},
	number = {12},
	doi = {10.1371/journal.pone.0029104}
}


@article{gu2015,
	author    = {Jiuxiang Gu and
	Zhenhua Wang and
	Jason Kuen and
	Lianyang Ma and
	Amir Shahroudy and
	Bing Shuai and
	Ting Liu and
	Xingxing Wang and
	Gang Wang},
	title     = {Recent Advances in Convolutional Neural Networks},
	journal   = {CoRR},
	volume    = {abs/1512.07108},
	year      = {2015},
	url       = {http://arxiv.org/abs/1512.07108},
	timestamp = {Wed, 07 Jun 2017 14:42:52 +0200},
	biburl    = {http://dblp.uni-trier.de/rec/bib/journals/corr/GuWKMSSLWW15},
	bibsource = {dblp computer science bibliography, http://dblp.org},
}

@article{yan2008,
	title={Characterization of protein--protein interfaces},
	author={Yan, Changhui and Wu, Feihong and Jernigan, Robert L and Dobbs, Drena and Honavar, Vasant},
	journal={The protein journal},
	volume={27},
	number={1},
	pages={59--70},
	year={2008},
	publisher={Springer}
}


@article{jones1996,
	title={Principles of protein-protein interactions},
	author={Jones, Susan and Thornton, Janet M},
	journal={Proceedings of the National Academy of Sciences},
	volume={93},
	number={1},
	pages={13--20},
	year={1996},
	publisher={National Acad Sciences}
}


@INPROCEEDINGS{lecun2010, 
	author={Y. LeCun and K. Kavukcuoglu and C. Farabet}, 
	booktitle={Proceedings of 2010 IEEE International Symposium on Circuits and Systems}, 
	title={Convolutional networks and applications in vision}, 
	year={2010}, 
	pages={253-256}, 
	doi={10.1109/ISCAS.2010.5537907}, 
	ISSN={0271-4302}, 
	month={May},
}


@article{perkins2010,
	title = {Transient Protein-Protein Interactions: Structural, Functional, and Network Properties},
	author = {James R. Perkins and Ilhem Diboun and Benoit H. Dessailly and Jon G. Lees and Christine Orengo},
	journal = {Structure},
	volume = {18},
	number = {10},
	pages = {1233 - 1243},
	year = {2010},
	issn = {0969-2126},
	doi = {https://doi.org/10.1016/j.str.2010.08.007},
	url = {http://www.sciencedirect.com/science/article/pii/S0969212610003035},
}


@article{ofran2003,
	title = {Analysing Six Types of Protein–Protein Interfaces},
	author = {Yanay Ofran and Burkhard Rost},
	journal = {Journal of Molecular Biology},
	volume = {325},
	number = {2},
	pages = {377 - 387},
	year = {2003},
	issn = {0022-2836},
	doi = {http://dx.doi.org/10.1016/S0022-2836(02)01223-8},
	url = {http://www.sciencedirect.com/science/article/pii/S0022283602012238},
	keywords = {protein–protein interaction},
	keywords = {protein complexes},
	keywords = {protein interface},
	keywords = {protein folding},
	keywords = {drug design}
}

@article{berman2000,
	author = {Berman, Helen M. and Westbrook, John and Feng, Zukang and Gilliland, Gary and Bhat, T. N. and Weissig, Helge and Shindyalov, Ilya N. and Bourne, Philip E.},
	title = {The Protein Data Bank},
	journal = {Nucleic Acids Research},
	volume = {28},
	number = {1},
	pages = {235},
	year = {2000},
	doi = {10.1093/nar/28.1.235},
	URL = { + http://dx.doi.org/10.1093/nar/28.1.235},
	eprint = {/oup/backfile/content_public/journal/nar/28/1/10.1093_nar_28.1.235/1/280235.pdf}
}


@article{jones1997,
	title={Prediction of protein-protein interaction sites using patch analysis},
	author={Jones, Susan and Thornton, Janet M},
	journal={Journal of molecular biology},
	volume={272},
	number={1},
	pages={133--143},
	year={1997},
	publisher={Elsevier}
}

@article{zhou2001,
	title={Prediction of protein interaction sites from sequence profile and residue neighbor list},
	author={Zhou, Huan-Xiang and Shan, Yibing},
	journal={Proteins: Structure, Function, and Bioinformatics},
	volume={44},
	number={3},
	pages={336--343},
	year={2001},
	publisher={Wiley Online Library}
}

@article{gallet2000,
	title={A fast method to predict protein interaction sites from sequences},
	author={Gallet, Xavier and Charloteaux, Benoit and Thomas, Annick and Brasseur, Robert},
	journal={Journal of molecular biology},
	volume={302},
	number={4},
	pages={917--926},
	year={2000},
	publisher={Elsevier}
}

@article{lichtarge1996,
	title={An evolutionary trace method defines binding surfaces common to protein families},
	author={Lichtarge, Olivier and Bourne, Henry R and Cohen, Fred E},
	journal={Journal of molecular biology},
	volume={257},
	number={2},
	pages={342--358},
	year={1996},
	publisher={Elsevier}
}


@article{pazos1997,
	title={Correlated mutations contain information about protein-protein interaction},
	author={Pazos, Florencio and Helmer-Citterich, Manuela and Ausiello, Gabriele and Valencia, Alfonso},
	journal={Journal of molecular biology},
	volume={271},
	number={4},
	pages={511--523},
	year={1997},
	publisher={Elsevier}
}

@article{janin1995,
	title={Protein-protein recognition},
	author={Janin, Jo{\"e}l},
	journal={Progress in biophysics and molecular biology},
	volume={64},
	number={2-3},
	pages={145--166},
	year={1995},
	publisher={Elsevier}
}

@article{janin2003,
	title={CAPRI: a critical assessment of predicted interactions},
	author={Janin, Jo{\"e}l and Henrick, Kim and Moult, John and Eyck, Lynn Ten and Sternberg, Michael JE and Vajda, Sandor and Vakser, Ilya and Wodak, Shoshana J},
	journal={Proteins: Structure, Function, and Bioinformatics},
	volume={52},
	number={1},
	pages={2--9},
	year={2003},
	publisher={Wiley Online Library}
}

@article{neuvirth2004,
	title={ProMate: a structure based prediction program to identify the location of protein--protein binding sites},
	author={Neuvirth, Hani and Raz, Ran and Schreiber, Gideon},
	journal={Journal of molecular biology},
	volume={338},
	number={1},
	pages={181--199},
	year={2004},
	publisher={Elsevier}
}

@article{koike2004,
	title={Prediction of protein--protein interaction sites using support vector machines},
	author={Koike, Asako and Takagi, Toshihisa},
	journal={Protein Engineering Design and Selection},
	volume={17},
	number={2},
	pages={165--173},
	year={2004},
	publisher={Oxford University Press}
}

@article{bradford2004,
	title={Improved prediction of protein--protein binding sites using a support vector machines approach},
	author={Bradford, James R and Westhead, David R},
	journal={Bioinformatics},
	volume={21},
	number={8},
	pages={1487--1494},
	year={2004},
	publisher={Oxford University Press}
}

@article{chen2005,
	title={Prediction of interface residues in protein--protein complexes by a consensus neural network method: test against NMR data},
	author={Chen, Huiling and Zhou, Huan-Xiang},
	journal={Proteins: Structure, Function, and Bioinformatics},
	volume={61},
	number={1},
	pages={21--35},
	year={2005},
	publisher={Wiley Online Library}
}